@article{miano2021framework,
  title={A framework for {eBPF}-based network functions in an era of microservices},
  author={Miano, Sebastiano and Risso, Fulvio and Bernal, Mauricio V{\'a}squez and Bertrone, Matteo and Lu, Yunsong},
  journal={IEEE Transactions on Network and Service Management},
  volume={18},
  number={1},
  pages={133--151},
  year={2021},
  publisher={IEEE}
}

@inproceedings{luo2021framework,
  title={A framework for document-level cybersecurity event extraction from open source data},
  author={Luo, Ning and Du, Xiangyu and He, Yitong and Jiang, Jun and Wang, Xuren and Jiang, Zhengwei and Zhang, Kai},
  booktitle={2021 IEEE 24th International Conference on Computer Supported Cooperative Work in Design (CSCWD)},
  pages={422--427},
  year={2021},
  organization={IEEE}
}

@inproceedings{dhakate2015distributed,
  title={Distributed cloud monitoring using {Docker} as next generation container virtualization technology},
  author={Dhakate, Suchit and Godbole, Anand},
  booktitle={2015 Annual IEEE India Conference (INDICON)},
  pages={1--5},
  year={2015},
  organization={IEEE}
}

@article{sarker2021ai,
  title={{AI}-driven cybersecurity: an overview, security intelligence modeling and research directions},
  author={Sarker, Iqbal H and Furhad, Md Hasan and Nowrozy, Raza},
  journal={SN Computer Science},
  volume={2},
  number={3},
  pages={173},
  year={2021},
  publisher={Springer}
}

@article{gomez2022unpacking,
  title={Unpacking strategic behavior in cyberspace: a schema-driven approach},
  author={Gomez, Miguel Alberto and Whyte, Christopher},
  journal={Journal of Cybersecurity},
  volume={8},
  number={1},
  pages={tyac005},
  year={2022},
  publisher={Oxford University Press}
}

@inproceedings{butler2018developing,
  title={Developing a {UI} and Automation Framework for a Cybersecurity Research and Experimentation Environment},
  author={Butler, Christopher and Thompson, Gregory and Hsieh, George and Hoppa, Matthew A and Nauer, Keith S},
  booktitle={Proceedings of the International Conference on Security and Management (SAM)},
  pages={208--213},
  year={2018},
  organization={The Steering Committee of The World Congress in Computer Science, Computer Engineering and Applied Computing (WorldComp)}
}

@inproceedings{satyapanich2019extracting,
  title={Extracting rich semantic information about cybersecurity events},
  author={Satyapanich, Taneeya and Finin, Tim and Ferraro, Francis},
  booktitle={2019 IEEE International Conference on Big Data (Big Data)},
  pages={5034--5042},
  year={2019},
  organization={IEEE}
}

@article{repetto2021autonomous,
  title={An autonomous cybersecurity framework for next-generation digital service chains},
  author={Repetto, Matteo and Striccoli, Domenico and Piro, Giuseppe and Carrega, Alessandro and Boggia, Gennaro and Bolla, Raffaele},
  journal={Journal of Network and Systems Management},
  volume={29},
  number={4},
  pages={37},
  year={2021},
  publisher={Springer}
}

@inproceedings{tall2021integrating,
  title={Integrating Cybersecurity Into a Big Data Ecosystem},
  author={Tall, Abdou Mbaye and Zou, Cliff C and Wang, Jun},
  booktitle={MILCOM 2021-2021 IEEE Military Communications Conference (MILCOM)},
  pages={69--76},
  year={2021},
  organization={IEEE}
}

@article{takahashi2018web,
  title={Web of cybersecurity: Linking, locating, and discovering structured cybersecurity information},
  author={Takahashi, Takeshi and Panta, Bidyut and Kadobayashi, Youki and Nakao, Kenji},
  journal={International Journal of Communication Systems},
  volume={31},
  number={3},
  pages={e3470},
  year={2018},
  publisher={Wiley Online Library}
}

@misc{ebpf_guide,
  title={Buzzing Across Space: An Illustrated Children's Guide to {eBPF}},
  howpublished={\url{https://ebpf.io/books/buzzing-across-space-illustrated-childrens-guide-to-ebpf.pdf}},
  note={Accessed: 2023-05-15}
}

@misc{ocsf_schema,
  title={{OCSF} Schema},
  howpublished={\url{https://schema.ocsf.io/}},
  note={Accessed: 2023-05-15}
}

@misc{aws_ocsf,
  title={{AWS} Security Lake Open Cybersecurity Schema Framework},
  howpublished={\url{https://docs.aws.amazon.com/security-lake/latest/userguide/open-cybersecurity-schema-framework.html}},
  note={Accessed: 2023-05-15}
}

@misc{splunk_ocsf,
  title={Open Cybersecurity Schema Framework ({OCSF}) Takes Flight with V1 Schema Release},
  author={Splunk},
  howpublished={\url{https://www.splunk.com/en_us/blog/security/open-cybersecurity-schema-framework-ocsf-takes-flight-with-v-1-schema-release.html}},
  note={Accessed: 2023-05-15}
}

@misc{ai_tool,
  title={Airoboros-13B-gpt4-1.4-{SuperHOT}-8K-{GPTQ}},
  author={TheBloke},
  howpublished={\url{https://huggingface.co/TheBloke/airoboros-13b-gpt4-1.4-SuperHOT-8K-GPTQ}},
  note={Accessed: 2023-05-15}
}

@misc{gdpr_policies,
  title={{GDPR}: General Data Protection Regulation},
  author={{European Council}},
  howpublished={\url{https://www.consilium.europa.eu/en/policies/data-protection/data-protection-regulation/}},
  note={Accessed: 2023-05-15}
}

@book{hipaa_policies,
  title={{HIPAA} (Health Insurance Portability and Accountability Act)},
  author={Schilling, Deborah},
  year={2020},
  publisher={StatPearls Publishing},
  address={Treasure Island (FL)},
  url={https://www.ncbi.nlm.nih.gov/books/NBK500019/}
}